@misc{Crespo2022,
  author       = {Cristina Crespo Garay},
  title        = {¿Cuál fue el origen de la agricultura?},
  year         = {2022},
  journal = {National Geographic España},
  howpublished = {Disponible en: \href{https://www.nationalgeographic.es/historia/2022/01/cual-fue-el-origen-de-la-agricultura}{\textit{https://www.nationalgeographic.es/historia/2022/01/cual-fue-el-origen-de-la-agricultura}}},
  note = {Accedido el 3 de diciembre de 2024}
}

@article{Ocampo2002,
  author = {Rafael Angel Ocampo},
  title = {Situación actual del comercio de plantas medicinales en América Latina},
  journal = {Boletín Latinoamericano y del Caribe de Plantas Medicinales y Aromáticas},
  year = {2002},
  publisher = {Universidad de Santiago de Chile},
  url = {http://www.redalyc.org/articulo.oa?id=85610403},
  note = {Artículo disponible en: \href{http://www.redalyc.org/articulo.oa?id=85610403}{\textit{http://www.redalyc.org/articulo.oa?id=85610403}}}
}

@misc{OMS1978,
  author = {{Organización Mundial de la Salud}},
  title = {Declaración de Alma-Ata},
  year = {1978},
  howpublished = {Disponible en:  \href{https://www3.paho.org/hq/dmdocuments/2012/alma-ata-1978declaracion.pdf}{\textit{https://www3.paho.org/hq/dmdocuments/2012/alma-ata-1978declaracion.pdf}}}
}

@article{Lopez2019,
  author = {Pedro López Puig},
  title = {Integración de la medicina natural y tradicional cubana en el sistema de salud},
  year = {2019},
  pages = {3--5},
  journal = {Revista Cubana de Salud Pública},
  url = {https://revsaludpublica.sld.cu/index.php/spu/article/view/1168/1240},
  note = {Artículo disponible en: \href{https://revsaludpublica.sld.cu/index.php/spu/article/view/1168/1240}{\textit{https://revsaludpublica.sld.cu/index.php/spu/article/view/1168/1240}}}
}

@book{Roig1945,
  author    = {Juan Tomás Roig y Mesa},
  title     = {Plantas medicinales, aromáticas o venenosas de Cuba},
  year      = {1945},
  publisher = {Editorial Científico-Técnica},
  address   = {La Habana, Cuba},
  volume    = {I-II},
}

@misc{EcuredJBNC,
  author = {EcuRed},
  title = {Jardín Botánico Nacional de Cuba},
  url = {https://www.ecured.cu/},
  howpublished = {Disponible en: \href{https://www.ecured.cu/} {\textit{https://www.ecured.cu/}}},
  note = {Accedido el 9 de diciembre de 2024}
}

@misc{CadenaHabana2022,
  author = {Redacción Cadena Habana},
  title = {Jardín Botánico Nacional},
  year = {2022},
  url = {https://www.cadenahabana.icrt.cu/jardin-botanico-nacional-03082022/},
  howpublished = {Disponible en:  \href{https://www.cadenahabana.icrt.cu/jardin-botanico-nacional-03082022/} {\textit{https://www.cadenahabana.icrt.cu/jardin-botanico-nacional-03082022/}}}, 
  note = {Accedido el 9 de diciembre de 2024}
}

@misc{IbmBI,
  author = {IBM},
  title = {Business Intelligence},
  url = {https://www.ibm.com/mx-es/topics/business-intelligence},
  howpublished = {Disponible en:  \href{https://www.ibm.com/mx-es/topics/business-intelligence}{\textit{https://www.ibm.com/mx-es/topics/business-intelligence}}}, 
  note = {Accedido el 12 de diciembre de 2024}
}